<record xmlns="http://www.loc.gov/MARC21/slim" xmlns:xsi="http://www.w3.org/2001/XMLSchema-instance" xsi:schemaLocation="http://www.loc.gov/MARC21/slim http://www.loc.gov/standards/marcxml/schema/MARC21slim.xsd"><leader>00709nz   2200157n  4500</leader><controlfield tag="001">oca01258375 </controlfield><controlfield tag="005">19850312164231.7</controlfield><controlfield tag="008">850124n| acannaab|          |a aaa ||| c</controlfield><datafield ind1=" " ind2=" " tag="010"><subfield code="a">n  84134240 </subfield></datafield><datafield ind1=" " ind2=" " tag="040"><subfield code="a">InU</subfield><subfield code="c">DLC</subfield><subfield code="d">DLC</subfield></datafield><datafield ind1="0" ind2=" " tag="100"><subfield code="a">Constantine,</subfield><subfield code="c">of Rhodes,</subfield><subfield code="d">10th cent.</subfield></datafield><datafield ind1="0" ind2=" " tag="400"><subfield code="a">Constantin,</subfield><subfield code="c">le Rhodien,</subfield><subfield code="d">10th cent.</subfield></datafield><datafield ind1="0" ind2=" " tag="400"><subfield code="a">Constantinus,</subfield><subfield code="c">of Rhodes,</subfield><subfield code="d">10th cent.</subfield></datafield><datafield ind1=" " ind2=" " tag="670"><subfield code="a">His Description des oeuvres d'art et de l'Eglise des Saints Apôtres de Constantinople, 1896:</subfield><subfield code="b">t.p. (Constantin le Rhodien)</subfield></datafield><datafield ind1=" " ind2=" " tag="670"><subfield code="a">New Cath. encyc.:</subfield><subfield code="b">v. 2, p. 993 (Constantine of Rhodes; wrote on the Constantinopolitan Church of the Holy Apostles and its mosaics)</subfield></datafield><datafield ind1=" " ind2=" " tag="670"><subfield code="a">NUC pre-1956</subfield><subfield code="b">(Constantinus, of Rhode, 10th cent.)</subfield></datafield></record>